@misc{linkEnglish,
  title={Title},
  author={Author},
  howpublished={\url{https://github.com/BatchClayderman/onePaperMultipleTypesettingStyles}},
  year={2025},
  note={Accessed: 2025-02-10}
}

@misc{linkChinese,
  title={Title},
  author={Author},
  howpublished={\url{https://blog.csdn.net/weixin_45726033/article/details/143378135}},
  year={2025},
  note={Accessed: 2025-02-10}
}

@misc{linkScript,
  title={Title},
  author={Author},
  howpublished={\url{https://github.com/BatchClayderman/LaTeXChecker}},
  year={2025},
  note={Accessed: 2025-02-10}
}